<record><leader>00000cas a22000007a 4500</leader><controlfield tag="001">21503571</controlfield><controlfield tag="008">900510d18391841nyuwr ne      0    0eng d</controlfield><datafield ind1=" " ind2=" " tag="010"><subfield code="a">sn 90066436 </subfield></datafield><datafield ind1=" " ind2=" " tag="040"><subfield code="a">NYS</subfield><subfield code="b">eng</subfield><subfield code="c">NYS</subfield><subfield code="d">OCL</subfield><subfield code="d">OCLCQ</subfield><subfield code="d">OCLCF</subfield><subfield code="d">OCLCO</subfield></datafield><datafield ind1=" " ind2=" " tag="042"><subfield code="a">msc</subfield></datafield><datafield ind1=" " ind2=" " tag="043"><subfield code="a">n-us-ny</subfield></datafield><datafield ind1="0" ind2="0" tag="245"><subfield code="a">Fayetteville luminary, and Reformed Methodist intelligencer.</subfield></datafield><datafield ind1=" " ind2=" " tag="260"><subfield code="a">Fayetteville, Onondaga Co., N.Y. :</subfield><subfield code="b">[s.n.],</subfield><subfield code="c">1839-1841.</subfield></datafield><datafield ind1=" " ind2=" " tag="300"><subfield code="a">4 v.</subfield></datafield><datafield ind1="0" ind2=" " tag="362"><subfield code="a">Vol. 2, no. 33 (Mar. 14, 1839)-v. 5, no. 7 (Sept. 16, 1841).</subfield></datafield><datafield ind1=" " ind2=" " tag="500"><subfield code="a">"Publishing Committee, James Bailey, I. Ketchum, J. Burnham, N. Bacon, J. Lamberson."</subfield></datafield><datafield ind1=" " ind2=" " tag="500"><subfield code="a">Editor: Wesley Bailey, 1839-1841.</subfield></datafield><datafield ind1=" " ind2=" " tag="515"><subfield code="a">Mar. 14 1839 issue also numbered: New ser., no. 1.</subfield></datafield><datafield ind1=" " ind2="0" tag="650"><subfield code="a">Methodists</subfield><subfield code="z">New York (State)</subfield><subfield code="v">Newspapers.</subfield></datafield><datafield ind1=" " ind2="0" tag="651"><subfield code="a">Fayetteville (N.Y.)</subfield><subfield code="v">Newspapers.</subfield></datafield><datafield ind1=" " ind2="7" tag="655"><subfield code="a">Newspapers.</subfield><subfield code="2">fast</subfield><subfield code="0">(OCoLC)fst01423814</subfield></datafield><datafield ind1=" " ind2="7" tag="650"><subfield code="a">Methodists.</subfield><subfield code="2">fast</subfield><subfield code="0">(OCoLC)fst01018703</subfield></datafield><datafield ind1=" " ind2="7" tag="651"><subfield code="a">New York (State)</subfield><subfield code="2">fast</subfield><subfield code="0">(OCoLC)fst01210280</subfield></datafield><datafield ind1=" " ind2="7" tag="651"><subfield code="a">New York (State)</subfield><subfield code="z">Fayetteville.</subfield><subfield code="2">fast</subfield><subfield code="0">(OCoLC)fst01207196</subfield></datafield><datafield ind1=" " ind2=" " tag="752"><subfield code="a">United States</subfield><subfield code="b">New York</subfield><subfield code="c">Onondaga</subfield><subfield code="d">Fayetteville.</subfield></datafield><datafield ind1="0" ind2="0" tag="780"><subfield code="t">So. Cortland luminary, and Reformed Methodist intelligencer</subfield><subfield code="w">(DLC)sn 93063893</subfield></datafield><datafield ind1="0" ind2="0" tag="785"><subfield code="t">Methodist reformer</subfield><subfield code="w">(DLC)sn 90066437</subfield><subfield code="w">(OCoLC)21510430</subfield></datafield></record>